@STRING{afp		= {Archive of Formal Proofs}}
@STRING{jlamp		= {Journal of Logical and Algebraic Methods in Programming}}
@STRING{jsl		= {The Journal of Symbolic Logic}}
@STRING{sv		= {Springer}}

@Article{ArmstrongFosterStruthWeber2014,
	author		= {Armstrong, A. and Foster, S. and Struth, G. and Weber, T.},
	title		= {Relation Algebra},
	journal		= afp,
	year		= 2014,
	note		= {}
}

@Article{BerghammerFurusawaGuttmannHoefner2020,
	author		= {Berghammer, R. and Furusawa, H. and Guttmann, W. and H{\"o}fner, P.},
	title		= {Relational Characterisations of Paths},
	journal		= jlamp,
	year		= 2020,
	note		= {To appear}
}

@Book{Diestel2005,
	author		= {Diestel, R.},
	title		= {Graph Theory},
	publisher	= sv,
	edition		= {Third},
	year		= 2005,
	note		= {}
}

@Article{Guttmann2017a,
	author		= {Guttmann, W.},
	title		= {Stone Relation Algebras},
	journal		= afp,
	year		= 2017,
	note		= {}
}

@Article{Guttmann2017c,
	author		= {Guttmann, W.},
	title		= {Stone-{Kleene} Relation Algebras},
	journal		= afp,
	year		= 2017,
	note		= {}
}

@Article{Guttmann2018b,
	author		= {Guttmann, W.},
	title		= {An Algebraic Framework for Minimum Spanning Tree Problems},
	journal		= tcs,
	volume		= 744,
	pages		= {37--55},
	year		= 2018,
	note		= {}
}

@Article{Guttmann2018c,
	author		= {Guttmann, W.},
	title		= {Verifying Minimum Spanning Tree Algorithms with {Stone} Relation Algebras},
	journal		= jlamp,
	volume		= 101,
	pages		= {132--150},
	year		= 2018,
	note		= {}
}

@Article{Kozen1994,
	author		= {Kozen, D.},
	title		= {A completeness theorem for {Kleene} algebras and the algebra of regular events},
	journal		= {Information and Computation},
	volume		= 110,
	number		= 2,
	pages		= {366--390},
	year		= 1994,
	note		= {}
}

@PhDThesis{Ng1984,
	author		= {Ng, K. C.},
	title		= {Relation Algebras with Transitive Closure},
	school		= {University of California, Berkeley},
	year		= 1984,
	note		= {}
}

@Book{SchmidtStroehlein1993,
	author		= {Schmidt, G. and Str{\"o}hlein, T.},
	title		= {Relations and Graphs},
	publisher	= sv,
	year		= 1993,
	note		= {}
}

@Article{Tarski1941,
	author		= {Tarski, A.},
	title		= {On the calculus of relations},
	journal		= jsl,
	volume		= 6,
	number		= 3,
	pages		= {73--89},
	year		= 1941,
	note		= {}
}

@Book{Tinhofer1976,
	author		= {Tinhofer, G.},
	title		= {Methoden der angewandten Graphentheorie},
	publisher	= sv,
	year		= 1976,
	note		= {}
}

