@article{zulfeqarr,
  doi = {10.1007/s12045-019-0837-x},
  url = {https://doi.org/10.1007/s12045-019-0837-x},
  year = {2019},
  month = jul,
  publisher = {Springer Science and Business Media {LLC}},
  volume = {24},
  number = {7},
  pages = {755--765},
  author = {Fahed Zulfeqarr},
  title = {Some Interesting Consequences of {F}urstenberg Topology},
  journal = {Resonance}
}

@misc{dirmeier,
    title={On Metrics Inducing the {F}Ã¼rstenberg Topology on the Integers},
    author={Alexander Dirmeier},
    year={2019},
    eprint={1912.11663},
    howpublished="\url{https://arxiv.org/abs/1912.11663}",
    archivePrefix={arXiv},
    primaryClass={math.GN}
}

@article{furstenberg,
  doi = {10.2307/2307043},
  url = {https://doi.org/10.2307/2307043},
  year = {1955},
  month = may,
  publisher = {Informa {UK} Limited},
  volume = {62},
  number = {5},
  pages = {353},
  author = {Harry Furstenberg},
  title = {On the Infinitude of Primes},
  journal = {The American Mathematical Monthly}
}
