@preamble("
  \newcommand{\doi}[1]{%\newline
    \href{http://dx.doi.org/#1}{\nolinkurl{doi:#1}}}")

@book{book,
  author={Stasys Jukna},
  title={Extremal Combinatorics},
  publisher={Springer},
  series = {Texts in Theoretical Computer Science. An {EATCS} Series},
  year=2011,
  chapter=6,
  doi={10.1007/978-3-642-17364-6_6},
  note = {\doi{10.1007/978-3-642-17364-6_6}},
}

@inproceedings{sunflower_new,
  author    = {Ryan Alweiss and
               Shachar Lovett and
               Kewen Wu and
               Jiapeng Zhang},
  opteditor    = {Konstantin Makarychev and
               Yury Makarychev and
               Madhur Tulsiani and
               Gautam Kamath and
               Julia Chuzhoy},
  title     = {Improved bounds for the sunflower lemma},
  booktitle = {Proccedings of the 52nd Annual {ACM} {SIGACT} Symposium on Theory
               of Computing, {STOC} 2020},
  pages     = {624--630},
  publisher = {{ACM}},
  year      = {2020},
  doi       = {10.1145/3357713.3384234},
  note      = {\doi{10.1145/3357713.3384234}},
}

@article{erdos_rado,
  title = {Intersection theorems for systems of sets},
  author = {Paul Erd≈ës and Richard Rado},
  year = 1960,
  journal = {Journal of the London Mathematical Society},
  volume = 35,
  issue = 1,
  pages = {85--90},
  doi = {10.1112/jlms/s1-35.1.85},
  note = {\doi{10.1112/jlms/s1-35.1.85}},
}