@misc{wiki:mersenne,
  author = "{Wikipedia contributors}",
  title = "{M}ersenne prime --- {W}ikipedia{,} The Free Encyclopedia",
  year = "2020",
  url = "https://en.wikipedia.org/w/index.php?title=Mersenne_prime&oldid=934998572",
  note = "[Online; accessed 17 Jan 2020]"
}

@misc{wiki:lucas_lehmer,
  author = "{Wikipedia contributors}",
  title = "{L}ucas--{L}ehmer primality test --- {W}ikipedia{,} The Free Encyclopedia",
  year = "2020",
  url = "https://en.wikipedia.org/w/index.php?title=Lucas%E2%80%93Lehmer_primality_test&oldid=927504420",
  note = "[Online; accessed 17 Jan 2020]"
}

@article{bruce93,
 ISSN = {00029890, 19300972},
 author = {J. W. Bruce},
 journal = {The American Mathematical Monthly},
 number = {4},
 pages = {370--371},
 publisher = {Mathematical Association of America},
 title = {A Really Trivial Proof of the {L}ucas-{L}ehmer Test},
 volume = {100},
 year = {1993}
}

@Article{roedseth94,
author="R{\"o}dseth, {\"O}. J.",
title="A note on primality tests for $N = h\cdot 2^n - 1$",
journal="BIT Numerical Mathematics",
year="1994",
month="Sep",
day="01",
volume="34",
number="3",
pages="451--454",
issn="1572-9125",
doi="10.1007/BF01935653",
}

