@STRING{afp		= {Archive of Formal Proofs}}
@STRING{bams		= {Bulletin of the American Mathematical Society}}
@STRING{dmj		= {Duke Mathematical Journal}}
@STRING{iiua		= {Institut f{\"u}r Informatik, Universit{\"a}t Augsburg}}
@STRING{jlamp		= {Journal of Logical and Algebraic Methods in Programming}}
@STRING{lncs		= {Lecture Notes in Computer Science}}
@STRING{sv		= {Springer}}
@STRING{tocl		= {ACM Transactions on Computational Logic}}

@Article{BalbesHorn1970,
	author		= {Balbes, R. and Horn, A.},
	title		= {Stone lattices},
	journal		= dmj,
	volume		= 37,
	number		= 3,
	pages		= {537--545},
	year		= 1970,
	note		= {}
}

@Article{Byrne1946,
	author		= {Byrne, L.},
	title		= {Two brief formulations of {B}oolean algebra},
	journal		= bams,
	volume		= 52,
	number		= 4,
	pages		= {269--272},
	year		= 1946,
	note		= {}
}

@InProceedings{DesharnaisJipsenStruth2009,
	author		= {Desharnais, J. and Jipsen, P. and Struth, G.},
	title		= {Domain and Antidomain Semigroups},
	editor		= {Berghammer, R. and Jaoua, A. M. and M{\"o}ller, B.},
	booktitle	= {Relations and Kleene Algebra in Computer Science (RelMiCS/AKA 2009)},
	publisher	= sv,
	series		= lncs,
	volume		= 5827,
	pages		= {73--87},
	year		= 2009,
	note		= {}
}

@InProceedings{DesharnaisMoeller2014,
	author		= {Desharnais, J. and M{\"o}ller, B.},
	title		= {Fuzzifying Modal Algebra},
	editor		= {H{\"o}fner, P. and Jipsen, P. and Kahl, W. and M{\"u}ller, M. E.},
	booktitle	= {Relational and Algebraic Methods in Computer Science (RAMiCS 2014)},
	publisher	= sv,
	series		= lncs,
	volume		= 8428,
	pages		= {395--411},
	year		= 2014,
	note		= {}
}

@Article{DesharnaisMoellerStruth2006b,
	author		= {Desharnais, J. and M{\"o}ller, B. and Struth, G.},
	title		= {Kleene algebra with domain},
	journal		= tocl,
	volume		= 7,
	number		= 4,
	pages		= {798--833},
	year		= 2006,
	note		= {}
}

@InProceedings{DesharnaisStruth2008a,
	author		= {Desharnais, J. and Struth, G.},
	title		= {Modal Semirings Revisited},
	editor		= {Audebaud, P. and Paulin-Mohring, C.},
	booktitle	= {Mathematics of Program Construction (MPC 2008)},
	publisher	= sv,
	series		= lncs,
	volume		= 5133,
	pages		= {360--387},
	year		= 2008,
	note		= {}
}

@InProceedings{DesharnaisStruth2008b,
	author		= {Desharnais, J. and Struth, G.},
	title		= {Domain Axioms for a Family of Near-Semirings},
	editor		= {Meseguer, J. and Ro{\c{s}}u, G.},
	booktitle	= {Algebraic Methodology and Software Technology (AMAST 2008)},
	publisher	= sv,
	series		= lncs,
	volume		= 5140,
	pages		= {330--345},
	year		= 2008,
	note		= {}
}

@Article{DesharnaisStruth2011,
	author		= {Desharnais, J. and Struth, G.},
	title		= {Internal axioms for domain semirings},
	journal		= scp,
	volume		= 76,
	number		= 3,
	pages		= {181--203},
	year		= 2011,
	note		= {}
}

@Article{Frink1941,
	author		= {Frink, Jr., O.},
	title		= {Representations of {B}oolean algebras},
	journal		= bams,
	volume		= 47,
	number		= 10,
	pages		= {755--756},
	year		= 1941,
	note		= {}
}

@Article{Frink1962,
	author		= {Frink, O.},
	title		= {Pseudo-complements in semi-lattices},
	journal		= dmj,
	volume		= 29,
	number		= 4,
	pages		= {505--514},
	year		= 1962,
	note		= {}
}

@Book{Graetzer1971,
	author		= {Gr{\"a}tzer, G.},
	title		= {Lattice Theory: First Concepts and Distributive Lattices},
	publisher	= {W. H. Freeman and Co.},
	year		= 1971,
	note		= {}
}

@Article{GomesGuttmannHoefnerStruthWeber2016,
	author		= {Gomes, V. B. F. and Guttmann, W. and H{\"o}fner, P. and Struth, G. and Weber, T.},
	title		= {Kleene Algebras with Domain},
	journal		= afp,
	year		= 2016,
	note		= {}
}

@Article{Guttmann2012c,
	author		= {Guttmann, W.},
	title		= {Algebras for Iteration and Infinite Computations},
	journal		= acta,
	volume		= 49,
	number		= 5,
	pages		= {343--359},
	year		= 2012,
	note		= {}
}

@Article{Guttmann2018c,
	author		= {Guttmann, W.},
	title		= {Verifying Minimum Spanning Tree Algorithms with {Stone} Relation Algebras},
	journal		= jlamp,
	volume		= 101,
	pages		= {132--150},
	year		= 2018,
	note		= {}
}

@InProceedings{GuttmannMoeller2020,
	author		= {Guttmann, W. and M{\"o}ller, B.},
	title		= {A Hierarchy of Algebras for {Boolean} Subsets},
	editor		= {Fahrenberg, U. and Jipsen, P. and Winter, M.},
	booktitle	= {Relational and Algebraic Methods in Computer Science (RAMiCS 2020)},
	publisher	= sv,
	series		= lncs,
	year		= 2020,
	note		= {To appear}
}

@InProceedings{GuttmannStruthWeber2011b,
	author		= {Guttmann, W. and Struth, G. and Weber, T.},
	title		= {Automating Algebraic Methods in {Isabelle}},
	editor		= {Qin, S. and Qiu, Z.},
	booktitle	= {Formal Methods and Software Engineering (ICFEM 2011)},
	publisher	= sv,
	series		= lncs,
	volume		= 6991,
	pages		= {617--632},
	year		= 2011,
	note		= {}
}

@Article{Hollenberg1997,
	author		= {Hollenberg, M.},
	title		= {An Equational Axiomatization of Dynamic Negation and Relational Composition},
	journal		= {Journal of Logic, Language, and Information},
	volume		= 6,
	number		= 4,
	pages		= {381--401},
	year		= 1997,
	note		= {}
}

@Article{Huntington1933,
	author		= {Huntington, E. V.},
	title		= {Boolean Algebra. {A} Correction},
	journal		= {Transactions of the American Mathematical Society},
	volume		= 35,
	number		= 2,
	pages		= {557--558},
	year		= 1933,
	note		= {}
}

@Article{JacksonStokes2004,
	author		= {Jackson, M. and Stokes, T.},
	title		= {Semilattice Pseudo-complements on Semigroups},
	journal		= {Communications in Algebra},
	volume		= 32,
	number		= 8,
	pages		= {2895--2918},
	year		= 2004,
	note		= {}
}

@Article{Maddux1996,
	author		= {Maddux, R. D.},
	title		= {Relation-algebraic semantics},
	journal		= tcs,
	volume		= 160,
	number		= {1--2},
	pages		= {1--85},
	year		= 1996,
	note		= {}
}

@Unpublished{McCune2010,
	author		= {McCune, W.},
	title		= {Prover9 and {Mace4}},
	year		= {2005--2010},
	note		= {Accessed 14 January 2020 at \url{https://www.cs.unm.edu/~mccune/prover9/}}
}

@Article{MeredithPrior1968,
	author		= {Meredith, C. A. and Prior, A. N.},
	title		= {Equational Logic},
	journal		= {Notre Dame Journal of Formal Logic},
	volume		= 9,
	number		= 3,
	pages		= {212--226},
	year		= 1968,
	note		= {}
}

@TechReport{MoellerDesharnais2019,
	author		= {M{\"o}ller, B. and Desharnais, J.},
	title		= {Basics of Modal Semirings and of {Kleene}/Omega Algebras},
	institution	= iiua,
	type		= {Report},
	number		= {2019-03},
	year		= 2019,
	note		= {}
}

@Article{WamplerDoty2016,
	author		= {Wampler-Doty, M.},
	title		= {A Complete Proof of the {Robbins} Conjecture},
	journal		= afp,
	year		= {2016, first version 2010},
	note		= {}
}

