@STRING{afp		= {Archive of Formal Proofs}}
@STRING{dm		= {Discrete Mathematics}}
@STRING{jlamp		= {Journal of Logical and Algebraic Methods in Programming}}
@STRING{lncs		= {Lecture Notes in Computer Science}}
@STRING{sv		= {Springer}}
@STRING{tcs		= {Theoretical Computer Science}}

@Article{Boruvka1926,
	author		= {Bor\r{u}vka, O.},
	title		= {O jist{\'e}m probl{\'e}mu minim{\'a}ln{\'i}m},
	journal		= {Pr{\'a}ce moravsk{\'e} p{\v{r}}{\'i}rodo\-v{\v{e}}deck{\'e} spole{\v{c}}nosti},
	volume		= 3,
	number		= 3,
	pages		= {37--58},
	year		= 1926,
	note		= {}
}

@Article{GrahamHell1985,
	author		= {Graham, R. L. and Hell, P.},
	title		= {On the History of the Minimum Spanning Tree Problem},
	journal		= {Annals of the History of Computing},
	volume		= 7,
	number		= 1,
	pages		= {43--57},
	year		= 1985,
	note		= {}
}

@InProceedings{Guttmann2016c,
	author		= {Guttmann, W.},
	title		= {Relation-Algebraic Verification of {Prim's} Minimum Spanning Tree Algorithm},
	editor		= {Sampaio, A. and Wang, F.},
	booktitle	= {Theoretical Aspects of Computing -- ICTAC 2016},
	publisher	= sv,
	series		= lncs,
	volume		= 9965,
	pages		= {51--68},
	year		= 2016,
	note		= {}
}

@Article{Guttmann2018a,
	author		= {Guttmann, W.},
	title		= {Aggregation Algebras},
	journal		= afp,
	year		= 2018,
	note		= {}
}

@Article{Guttmann2018b,
	author		= {Guttmann, W.},
	title		= {An Algebraic Framework for Minimum Spanning Tree Problems},
	journal		= tcs,
	volume		= 744,
	pages		= {37--55},
	year		= 2018,
	note		= {}
}

@Article{Guttmann2018c,
	author		= {Guttmann, W.},
	title		= {Verifying Minimum Spanning Tree Algorithms with {Stone} Relation Algebras},
	journal		= jlamp,
	volume		= 101,
	pages		= {132--150},
	year		= 2018,
	note		= {}
}

@Article{NesetrilMilkovaNesetrilova2001,
	author		= {Ne{\v{s}}et{\v{r}}il, J. and Milkov{\'a}, E. and Ne{\v{s}}et{\v{r}}ilov{\'a}, H.},
	title		= {Otakar {Bor\r{u}vka} on minimum spanning tree problem -- {Translation} of both the 1926 papers, comments, history},
	journal		= dm,
	volume		= 233,
	number		= {1--3},
	pages		= {3--36},
	year		= 2001,
	note		= {}
}

@MastersThesis{RobinsonOBrien2020,
	author		= {Robinson-O'Brien, N.},
	title		= {A formal correctness proof of {Bor\r{u}vka's} minimum spanning tree algorithm},
	school		= {University of Canterbury},
	year		= 2020,
	note		= {\url{https://doi.org/10.26021/10196}}
}

