@article{bochvar1981,
  author = {Bochvar, D. A.},
  doi = {10.1080/01445348108837023},
  issn = {14645149},
  journal = {History and Philosophy of Logic},
  month = {jan},
  number = {1-2},
  pages = {87--112},
  title = {{On a three-valued logical calculus and its application to the analysis of the paradoxes of the classical extended functional calculus}},
  url = {http://www.tandfonline.com/doi/abs/10.1080/01445348108837023},
  volume = {2},
  year = {1981}
}

@InCollection{foster2018,
  address	= {Heidelberg},
  author	= {Michael Foster and Ramsay G. Taylor and Achim D. Brucker
      and John Derrick},
  booktitle	= {ICFEM},
  doi		= {10.1007/978-3-030-02450-5},
  editor	= {Jin Song Dong and Jing Sun},
  isbn		= {978-3-030-02449-9},
  keywords	= {model inference, state machine models, EFSM},
  language	= {USenglish},
  location	= {Gold Coast, Australia},
  number	= {11232},
  pages		= {373--387},
  pdf		= {https://www.brucker.ch/bibliography/download/2018/foster.ea-efsm-2018.pdf},
  publisher	= {Springer-Verlag},
  series	= {Lecture Notes in Computer Science},
  title		= {Formalising Extended Finite State Machine Transition
      Merging},
  url		= {https://www.brucker.ch/bibliography/abstract/foster.ea-efsm-2018},
  year		= {2018}
}

@InCollection{foster2019,
  address	= {Heidelberg},
  author	= {Michael Foster and Achim D. Brucker and Ramsay G. Taylor
      and Siobh{\'a}n North and John Derrick},
  booktitle	= {Software Engineering and Formal Methods (SEFM)},
  doi		= {10.1007/978-3-030-30446-1_14},
  editor	= {Peter C. {\"O}lveczky and Gwen Sala{\"u}n},
  isbn		= {3-540-25109-X},
  keywords	= {EFSM Inference, Model Inference, Reverse Engineering},
  language	= {USenglish},
  location	= {Oslo},
  number	= {11724},
  pages		= {257--272},
  pdf		= {https://www.brucker.ch/bibliography/download/2019/foster.ea-incorporating-2019.pdf},
  publisher	= {Springer-Verlag},
  series	= {Lecture Notes in Computer Science},
  title		= {Incorporating Data into EFSM Inference},
  url		= {https://www.brucker.ch/bibliography/abstract/foster.ea-incorporating-2019},
  year		= {2019}
}

@inproceedings{lorenzoli2008,
address = {New York, New York, USA},
author = {Lorenzoli, Davide and Mariani, Leonardo and Pezz{\`{e}}, Mauro},
booktitle = {Proceedings of the 13th international conference on Software engineering - ICSE '08},
doi = {10.1145/1368088.1368157},
isbn = {9781605580791},
keywords = {dynamic analysis,gk-tail,model synthesis},
pages = {501},
publisher = {ACM Press},
title = {{Automatic generation of software behavioral models}},
url = {http://portal.acm.org/citation.cfm?doid=1368088.1368157},
year = {2008}
}
