
@misc{putnam,
  title="Problem {``ARITHMETIC PROGRESSIONS"}, from {P}utnam exam problems 2002, https://www.ocf.berkeley.edu/~wwu/riddles/putnam.shtml"
}

