@book{Jacobson1985,
	Author = {Nathan Jacobson},
	Edition = {2nd},
	Publisher = {Freeman},
	Title = {Basic Algebra},
	Volume = {I},
	Year = 1985}
