@article{Ngo:2014:SSB:2590989.2590991,
 author = {Ngo, Hung Q and R{\'e}, Christopher and Rudra, Atri},
 title = {Skew Strikes Back: New Developments in the Theory of Join Algorithms},
 journal = {SIGMOD Rec.},
 issue_date = {December 2013},
 volume = {42},
 number = {4},
 month = feb,
 year = {2014},
 issn = {0163-5808},
 pages = {5--16},
 numpages = {12},
 url = {http://doi.acm.org/10.1145/2590989.2590991},
 doi = {10.1145/2590989.2590991},
 acmid = {2590991},
 publisher = {ACM},
 address = {New York, NY, USA},
} 
