@STRING{afp		= {Archive of Formal Proofs}}
@STRING{is		= {Information Sciences}}
@STRING{jlamp		= {Journal of Logical and Algebraic Methods in Programming}}
@STRING{lncs		= {Lecture Notes in Computer Science}}
@STRING{pams		= {Proceedings of the American Mathematical Society}}
@STRING{sv		= {Springer}}

@Article{Berghammer1999,
	author		= {Berghammer, R.},
	title		= {Combining relational calculus and the {Dijkstra--Gries} method for deriving relational programs},
	journal		= is,
	volume		= 119,
	number		= {3--4},
	pages		= {155--171},
	year		= 1999,
	note		= {}
}

@InProceedings{BerghammerStruth2010,
	author		= {Berghammer, R. and Struth, G.},
	title		= {On Automated Program Construction and Verification},
	editor		= {Bolduc, C. and Desharnais, J. and Ktari, B.},
	booktitle	= {Mathematics of Program Construction},
	publisher	= sv,
	series		= lncs,
	volume		= 6120,
	pages		= {22--41},
	year		= 2010,
	note		= {}
}

@Article{Guttmann2017c,
	author		= {Guttmann, W.},
	title		= {Stone-{Kleene} Relation Algebras},
	journal		= afp,
	year		= 2017,
	note		= {}
}

@Article{Guttmann2018c,
	author		= {Guttmann, W.},
	title		= {Verifying Minimum Spanning Tree Algorithms with {S}tone Relation Algebras},
	journal		= jlamp,
	volume		= 101,
	pages		= {132--150},
	year		= 2018,
	note		= {}
}

@InProceedings{Guttmann2021b,
	author		= {Guttmann, W.},
	title		= {Second-Order Properties of Undirected Graphs},
	editor		= {Fahrenberg, U. and Gehrke, M. and Santocanale, L. and Winter, M.},
	booktitle	= {Relational and Algebraic Methods in Computer Science (RAMiCS 2021)},
	publisher	= sv,
	series		= lncs,
	year		= 2021,
	note		= {To appear}
}

@Article{Kruskal1956,
	author		= {Kruskal, Jr., J. B.},
	title		= {On the shortest spanning subtree of a graph and the traveling salesman problem},
	journal		= pams,
	volume		= 7,
	number		= 1,
	pages		= {48--50},
	year		= 1956,
	note		= {}
}

@Article{Szpilrajn1930,
	author		= {Szpilrajn, E.},
	title		= {Sur l'extension de l'ordre partiel},
	journal		= {Fundamenta Mathematicae},
	volume		= 16,
	pages		= {386--389},
	year		= 1930,
	note		= {}
}

