@online{lte,
    author = {Hossein Parvardi},
    title = {{Lifting The Exponent Lemma (LTE)}},
    url = {https://s3.amazonaws.com/aops-cdn.artofproblemsolving.com/resources/articles/lifting-the-exponent.pdf},
    year = {2011}
}
