@book{Simonnet1996,
author="Simonnet, Michel",
title="Measures and Probabilities",
year="1996",
publisher="Springer New York",
address="New York, NY",
isbn="978-1-4612-4012-9",
doi="10.1007/978-1-4612-4012-9_15",
}

@article{gouezel,
  author  = {Sébastien Gouëzel},
  title   = {Ergodic Theory},
  journal = {Archive of Formal Proofs},
  month   = dec,
  year    = 2015,
  note    = {\url{https://isa-afp.org/entries/Ergodic_Theory.html},
            Formal proof development},
  ISSN    = {2150-914x},
}

@book{krengel,
  doi = {10.1515/9783110844641},
  year = {1985},
  month = jan,
  publisher = {De Gruyter},
  author = {Ulrich Krengel},
  title = {Ergodic Theorems},
  pages= {24}
}
