@article{nowak2000,
  title={Some elementary proofs of {P}uiseuxâ€™s theorems},
  author={Nowak, Krzysztof Jan},
  journal={Univ. Iagel. Acta Math},
  volume={38},
  pages={279--282},
  year={2000}
}

@book{abhyankar1990,
  title={Algebraic Geometry for Scientists and Engineers},
  author={Shreeram Shankar Abhyankar},
  isbn={9780821815359},
  series={Mathematical surveys and monographs},
  year={1990},
  publisher={American Mathematical Society}
}
