@article{J23,
  keywords =	 {Higher Order Logic, Semantic Embedding, Modal
                  Logics, Henkin Semantics},
  author =	 {C. Benzm{\"u}ller and L.C. Paulson},
  title =	 {Quantified Multimodal Logics in Simple Type Theory},
  journal =	 {Logica Universalis (Special Issue on Multimodal
                  Logics)},
  year =	 2013,
  volume =	 7,
  number =	 1,
  pages =	 {7-20},
  doi =		 {10.1007/s11787-012-0052-y},
  Note =	 {Preprint: 
			\url{http://christoph-benzmueller.de/papers/J23.pdf}}
}

@article{J41,
  author =	 {Christoph Benzm{\"u}ller},
  title =	 {Universal (Meta-)Logical Reasoning: Recent
                  Successes},
  journal =	 {Science of Computer Programming},
  year =	 2019,
  volume =	 172,
  pages =	 {48-62},
  Note =	 {Preprint:
                  \url{http://doi.org/10.13140/RG.2.2.11039.61609/2}},
  doi =		 {10.1016/j.scico.2018.10.008},
}

@book{Hausdorff,
  title={Grundz{\"u}ge der {M}engenlehre},
  author={Hausdorff, Felix},
  volume={7},
  year={1914},
  publisher={von Veit}
}

@article{AOT,
  title={The algebra of topology},
  author={McKinsey, John Charles Chenoweth and Tarski, Alfred},
  journal={Annals of mathematics},
  pages={141--191},
  year={1944},
  publisher={JSTOR}
}

@article{Zarycki1,
  title={Quelques notions fondamentales de l'Analysis Situs au point de vue de l'Alg{\`e}bre de la Logique},
  author={Zarycki, Miron},
  journal={Fundamenta Mathematicae},
  volume={9},
  number={1},
  pages={3--15},
  year={1927},
  publisher={Institute of Mathematics Polish Academy of Sciences},
  Note = {English translation by Mark Bowron:
                  \url{https://www.researchgate.net/scientific-contributions/Miron-Zarycki-2016157096}}
}

@article{Zarycki2,
  title={Allgemeine {E}igenschaften der Cantorschen {K}oh{\"a}renzen},
  author={Zarycki, Miron},
  journal={Transactions of the American Mathematical Society},
  volume={30},
  number={3},
  pages={498--506},
  year={1928},
  publisher={JSTOR},
  Note = {English translation by Mark Bowron:
                  \url{https://www.researchgate.net/scientific-contributions/Miron-Zarycki-2016157096}}
}

@article{Zarycki3,
  title={Some Properties of the Derived Set Operation in Abstract Spaces.},
  author={Zarycki, Miron},
  journal={Nauk. Zap. Ser. Fiz.-Mat.},
  volume={5},  
  pages={22-33},
  year={1947},
  Note = {English translation by Mark Bowron:
                  \url{https://www.researchgate.net/scientific-contributions/Miron-Zarycki-2016157096}}
}

@article{Kuratowski1,
  title={Sur l'op{\'e}ration \={A} de l'analysis situs},
  author={Kuratowski, Kazimierz},
  journal={Fundamenta Mathematicae},
  volume={3},
  number={1},
  pages={182--199},
  year={1922}
}

@article{JML,
  title={Der {M}inimalkalk{\"u}l, ein reduzierter intuitionistischer {F}ormalismus},
  author={Johansson, Ingebrigt},
  journal={Compositio mathematica},
  volume={4},
  pages={119--136},
  year={1937}
}

@book{Kuratowski2,
  title={Topology: Volume I},
  author={Kuratowski, Kazimierz},
  volume={1},
  year={2014},
  publisher={Elsevier}
}

@article{Esakia,
  title={Intuitionistic logic and modality via topology},
  author={Esakia, Leo},
  journal={Annals of Pure and Applied Logic},
  volume={127},
  number={1-3},
  pages={155--170},
  year={2004},
  publisher={Elsevier}
}

@incollection{LFI,
  title={Logics of formal inconsistency},
  author={Carnielli, Walter and Coniglio, Marcelo E and Marcos, Joao},
  booktitle={Handbook of philosophical logic},
  pages={1--93},
  year={2007},
  publisher={Springer}
}

@article{RLFI,
      title={Logics of Formal Inconsistency enriched with replacement: an algebraic and modal account}, 
      author={Walter Carnielli and Marcelo E. Coniglio and David Fuenmayor},
      year={2020},
      number={2003.09522},
      journal={arXiv},
      volume={math.LO}
}

@article{LFU,
  title={Nearly every normal modal logic is paranormal},
  author={Marcos, Joao},
  journal={Logique et Analyse},
  volume={48},
  number={189/192},
  pages={279--300},
  year={2005},
  publisher={JSTOR}
}
