@string{Springer="Springer"}
@string{LNCS="LNCS"}

@book{Algorithm-Design:2005,
  author = {Kleinberg, Jon and Tardos, Eva},
  title = {Algorithm Design},
  year = {2005},
  isbn = {0321295358},
  publisher = {Addison-Wesley Longman Publishing Co., Inc.},
  address = {Boston, MA, USA}
}

@book{Introduction-to-Algorithms:2009,
  author = {Cormen, Thomas H. and Leiserson, Charles E. and Rivest, Ronald L. and Stein, Clifford},
  title = {Introduction to Algorithms, Third Edition},
  year = {2009},
  isbn = {0262033844, 9780262033848},
  edition = {3rd},
  publisher = {The MIT Press}
}
