@article{escott,
	author = "Escott, E.B.",
	title = "Amicable Numbers",
	journal = "Scripta Mathematica",
	volume = "12",	
	year = "1946",
	pages = "61--72",
	}

@article{garciaetal1,
	author = "Garc\'{i}a, M. and Pedersen, J.M. and te Riele, H.J.J.",
	title = "Amicable Pairs, A Survey",
	journal = "REPORT MAS-R0307",
	year = "2003",
	publisher = "Centrum Wiskunde \& Informatica"
	}
	

@article{garciaetal2,
	author = "Garc\'{i}a, M. and Pedersen, J.M. and te Riele, H.J.J.",
	title = "Amicable Pairs, A Survey",
	journal = "Fields Institute Communications",
	volume = "41",
	year = "2004",
	pages = "1--19",
	}

@article{sandifer,
	author = "Sandifer, E.",
	title = "Amicable Pairs",
        note = "How Euler Did It, The Euler Archive",
	year = "2005",
	howpublished = "MAA Online, \url{http://eulerarchive.maa.org/hedi/HEDI-2005-11.pdf}"}


@misc{aliquotwiki,
	author =  "Wikipedia",
	title = "Aliquot Sum",
	year = "2020",
	howpublished = "\url{https://en.wikipedia.org/wiki/Aliquot_sum}"}
	
	
@misc{amicwiki,
	author =  "Wikipedia",
	title = "Amicable Numbers",
	year = "2020",
	howpublished = "\url{https://en.wikipedia.org/wiki/Amicable_numbers}"}
	
@misc{betrothedwiki,
	author =  "Wikipedia",
	title = "Betrothed Numbers",
	year = "2020",
	howpublished = "\url{https://en.wikipedia.org/wiki/Betrothed_numbers}"}
	
		

