@STRING{afp		= {Archive of Formal Proofs}}
@STRING{fac		= {Formal Aspects of Computing}}
@STRING{is		= {Information Sciences}}
@STRING{jlamp		= {Journal of Logical and Algebraic Methods in Programming}}
@STRING{lncs		= {Lecture Notes in Computer Science}}
@STRING{mitp		= {MIT Press}}
@STRING{sv		= {Springer}}

@Book{BackWright1998,
	author		= {Back, R.-J. and von Wright, J.},
	title		= {Refinement Calculus},
	publisher	= sv,
	address		= {New York},
	year		= 1998,
	note		= {}
}

@Article{BackhouseCarre1975,
	author		= {Backhouse, R. C. and Carr{\'e}, B. A.},
	title		= {Regular Algebra Applied to Path-finding Problems},
	journal		= {Journal of the Institute of Mathematics and its Applications},
	volume		= 15,
	number		= 2,
	pages		= {161--186},
	year		= 1975,
	note		= {}
}

@Article{Berghammer1999,
	author		= {Berghammer, R.},
	title		= {Combining relational calculus and the {Dijkstra--Gries} method for deriving relational programs},
	journal		= is,
	volume		= 119,
	number		= {3--4},
	pages		= {155--171},
	year		= 1999,
	note		= {}
}

@InProceedings{BerghammerKargerWolf1998,
	author		= {Berghammer, R. and von Karger, B. and Wolf, A.},
	title		= {Relation-Algebraic Derivation of Spanning Tree Algorithms},
	editor		= {Jeuring, J.},
	booktitle	= {Mathematics of Program Construction (MPC 1998)},
	publisher	= sv,
	series		= lncs,
	volume		= 1422,
	pages		= {23--43},
	year		= 1998,
	note		= {}
}

@InProceedings{BerghammerStruth2010,
	author		= {Berghammer, R. and Struth, G.},
	title		= {On Automated Program Construction and Verification},
	editor		= {Bolduc, C. and Desharnais, J. and Ktari, B.},
	booktitle	= {Mathematics of Program Construction (MPC 2010)},
	publisher	= sv,
	series		= lncs,
	volume		= 6120,
	pages		= {22--41},
	year		= 2010,
	note		= {}
}

@Book{CormenLeisersonRivest1990,
	author		= {Cormen, T. H. and Leiserson, C. E. and Rivest, R. L.},
	title		= {Introduction to Algorithms},
	publisher	= mitp,
	year		= 1990,
	note		= {}
}

@Article{FosterGreenwaldMoorePierceSchmitt2007,
	author		= {Foster, J. N. and Greenwald, M. B. and Moore, J. T. and Pierce, B. C. and Schmitt, A.},
	title		= {Combinators for Bidirectional Tree Transformations: A Linguistic Approach to the View-Update Problem},
	journal		= toplas,
	volume		= 29,
	number		= {3:17},
	pages		= {1--65},
	year		= 2007,
	note		= {}
}

@Article{GallerFisher1964,
	author		= {Galler, B. A. and Fisher, M. J.},
	title		= {An Improved Equivalence Algorithm},
	journal		= cacm,
	volume		= 7,
	number		= 5,
	pages		= {301--303},
	year		= 1964,
	note		= {}
}

@Book{GondranMinoux2008,
	author		= {Gondran, M. and Minoux, M.},
	title		= {Graphs, Dioids and Semirings},
	publisher	= sv,
	year		= 2008,
	note		= {}
}

@Article{Guttmann2018c,
	author		= {Guttmann, W.},
	title		= {Verifying Minimum Spanning Tree Algorithms with {Stone} Relation Algebras},
	journal		= jlamp,
	volume		= 101,
	pages		= {132--150},
	year		= 2018,
	note		= {}
}

@InProceedings{Guttmann2020b,
	author		= {Guttmann, W.},
	title		= {Verifying the Correctness of Disjoint-Set Forests with {Kleene} Relation Algebras},
	editor		= {Fahrenberg, U. and Jipsen, P. and Winter, M.},
	booktitle	= {Relational and Algebraic Methods in Computer Science (RAMiCS 2020)},
	publisher	= sv,
	series		= lncs,
	volume		= 12062,
	pages		= {134--151},
	year		= 2020,
	note		= {}
}

@Article{HoefnerMoeller2012,
	author		= {H{\"o}fner, P. and M{\"o}ller, B.},
	title		= {Dijkstra, {Floyd} and {Warshall} meet {Kleene}},
	journal		= fac,
	volume		= 24,
	number		= 4,
	pages		= {459--476},
	year		= 2012,
	note		= {}
}

@Article{Kozen1994,
	author		= {Kozen, D.},
	title		= {A completeness theorem for {Kleene} algebras and the algebra of regular events},
	journal		= {Information and Computation},
	volume		= 110,
	number		= 2,
	pages		= {366--390},
	year		= 1994,
	note		= {}
}

@Article{LammichMeis2012,
	author		= {Lammich, P. and Meis, R.},
	title		= {A Separation Logic Framework for {I}mperative {HOL}},
	journal		= afp,
	year		= 2012,
	note		= {}
}

@InProceedings{Moeller1993,
	author		= {M{\"o}ller, B.},
	title		= {Derivation of Graph and Pointer Algorithms},
	editor		= {M{\"o}ller, B. and Partsch, H. A. and Schuman, S. A.},
	booktitle	= {Formal Program Development},
	publisher	= sv,
	series		= lncs,
	volume		= 755,
	pages		= {123--160},
	year		= 1993,
	note		= {}
}

@Article{Tarjan1975,
	author		= {Tarjan, R. E.},
	title		= {Efficiency of a Good But Not Linear Set Union Algorithm},
	journal		= jacm,
	volume		= 22,
	number		= 2,
	pages		= {215--225},
	year		= 1975,
	note		= {}
}

@Article{Tarski1941,
	author		= {Tarski, A.},
	title		= {On the calculus of relations},
	journal		= {The Journal of Symbolic Logic},
	volume		= 6,
	number		= 3,
	pages		= {73--89},
	year		= 1941,
	note		= {}
}

@Article{Zhan2018,
	author		= {Zhan, B.},
	title		= {Verifying Imperative Programs using {Auto2}},
	journal		= afp,
	year		= 2018,
	note		= {}
}

