%% This BibTeX bibliography file was created using BibDesk.
%% http://bibdesk.sourceforge.net/


%% Created for Larry Paulson at 2020-05-16 16:19:34 +0100 


%% Saved with string encoding Unicode (UTF-8) 



@article{nash-williams-quasi,
	Author = {Nash-Williams, C. St. J. A.},
	Date-Added = {2020-05-16 16:19:28 +0100},
	Date-Modified = {2020-05-16 16:19:28 +0100},
	Doi = {10.1017/S0305004100038603},
	Journal = {Mathematical Proceedings of the Cambridge Philosophical Society},
	Number = {1},
	Pages = {33--39},
	Publisher = {Cambridge University Press},
	Title = {On well-quasi-ordering transfinite sequences},
	Volume = {61},
	Year = {1965},
	Bdsk-Url-1 = {https://doi.org/10.1017/S0305004100038603}}

@book{todorcevic-ramsey,
	Author = {Stevo Todor{\v{c}}evi{\'c}},
	Booktitle = {Introduction to Ramsey Spaces},
	Date-Added = {2020-05-16 16:11:36 +0100},
	Date-Modified = {2020-05-16 16:11:36 +0100},
	Publisher = {Princeton University Press},
	Title = {Introduction to Ramsey Spaces},
	Year = {2010}}
