@article{corless96,
  doi = {10.1007/bf02124750},
  url = {https://doi.org/10.1007/bf02124750},
  year = {1996},
  month = dec,
  publisher = {Springer Science and Business Media {LLC}},
  volume = {5},
  number = {1},
  pages = {329--359},
  author = {R. M. Corless and G. H. Gonnet and D. E. G. Hare and D. J. Jeffrey and D. E. Knuth},
  title = {On the {Lambert $W$} function},
  journal = {Advances in Computational Mathematics}
}
