%% This BibTeX bibliography file was created using BibDesk.
%% http://bibdesk.sourceforge.net/


%% Created for Larry Paulson at 2020-08-03 15:23:09 +0100 


%% Saved with string encoding Unicode (UTF-8) 



@article{erdos-theorem-partition-corr,
	Author = {Paul Erd{\"o}s and E. C. Milner},
	Date-Added = {2020-08-03 15:20:59 +0100},
	Date-Modified = {2020-08-03 15:23:08 +0100},
	Doi = {10.4153/CMB-1974-062-6},
	Journal = {Canadian Mathematical Bulletin},
	Month = jun,
	Number = {2},
	Pages = {305},
	Title = {A Theorem in the Partition Calculus Corrigendum},
	Volume = {17},
	Year = {1974},
	Bdsk-Url-1 = {https://doi.org/10.4153/CMB-1972-088-1}}

@article{erdos-theorem-partition,
	Author = {Paul Erd{\"o}s and E. C. Milner},
	Date-Added = {2020-08-02 14:51:07 +0100},
	Date-Modified = {2020-08-02 14:53:46 +0100},
	Doi = {10.4153/CMB-1972-088-1},
	Journal = {Canadian Mathematical Bulletin},
	Month = dec,
	Number = {4},
	Pages = {501-505},
	Title = {A Theorem in the Partition Calculus},
	Volume = {15},
	Year = {1972}}

@article{larson-short-proof,
	Author = {Jean A. Larson},
	Date-Added = {2020-08-02 14:49:21 +0100},
	Date-Modified = {2020-08-02 14:49:21 +0100},
	Doi = {10.1016/0003-4843(73)90006-5},
	Journal = {Annals of Mathematical Logic},
	Month = dec,
	Number = {2},
	Pages = {129-145},
	Title = {A Short Proof of a Partition Theorem for the Ordinal $\omega^\omega$},
	Volume = {6},
	Year = {1973},
	Bdsk-Url-1 = {https://doi.org/10.1016/0003-4843(73)90006-5}}
