@article{erdHos1974irrationality,
  title={On the irrationality of certain series},
  author={Erd{\H{o}}s, Paul and Straus, Ernst},
  journal={Pacific journal of mathematics},
  volume={55},
  number={1},
  pages={85--92},
  year={1974},
  publisher={Mathematical Sciences Publishers}
}

