%% This BibTeX bibliography file was created using BibDesk.
%% http://bibdesk.sourceforge.net/


%% Created for Larry Paulson at 2021-03-29 15:18:40 +0100 


%% Saved with string encoding Unicode (UTF-8) 



@book{hartshorne2013algebraic,
	author = {Hartshorne, R.},
	date-added = {2021-03-29 15:17:18 +0100},
	date-modified = {2021-03-29 15:17:53 +0100},
	isbn = {9781475738490},
	publisher = {Springer},
	title = {Algebraic Geometry},
	url = {https://books.google.co.uk/books?id=7z4mBQAAQBAJ},
	year = {2013},
	Bdsk-Url-1 = {https://books.google.co.uk/books?id=7z4mBQAAQBAJ}}

@book{lang2005algebra,
	author = {Lang, S.},
	date-added = {2021-03-29 15:17:18 +0100},
	date-modified = {2021-03-29 15:18:17 +0100},
	isbn = {9780387953854},
	lccn = {01054916},
	publisher = {Springer},
	title = {Algebra},
	url = {https://books.google.co.uk/books?id=Fge-BwqhqIYC},
	year = {2005},
	Bdsk-Url-1 = {https://books.google.co.uk/books?id=Fge-BwqhqIYC}}
