@article{Differential_Dynamic_Logic-AFP,
  author  = {Brandon Bohrer},
  title   = {Differential Dynamic Logic},
  journal = {Archive of Formal Proofs},
  month   = feb,
  year    = 2017,
  note    = {\url{http://isa-afp.org/entries/Differential_Dynamic_Logic.html},
            Formal proof development}
}

@inproceedings{BohrerTMMP18,
  author    = {Brandon Bohrer and
               Yong Kiam Tan and
               Stefan Mitsch and
               Magnus O. Myreen and
               Andr{\'{e}} Platzer},
  title     = {VeriPhy: verified controller executables from verified cyber-physical
               system models},
  booktitle = {Proceedings of the 39th {ACM} {SIGPLAN} Conference on Programming
               Language Design and Implementation, {PLDI} 2018, Philadelphia, PA,
               USA, June 18-22, 2018},
  pages     = {617--630},
  year      = {2018},
  crossref  = {DBLP:conf/pldi/2018},
  url       = {https://doi.org/10.1145/3192366.3192406},
  doi       = {10.1145/3192366.3192406},
  timestamp = {Mon, 16 Sep 2019 15:24:38 +0200},
  biburl    = {https://dblp.org/rec/bib/conf/pldi/BohrerTMMP18},
  bibsource = {dblp computer science bibliography, https://dblp.org}
}

@proceedings{DBLP:conf/pldi/2018,
  editor    = {Jeffrey S. Foster and
               Dan Grossman},
  title     = {Proceedings of the 39th {ACM} {SIGPLAN} Conference on Programming
               Language Design and Implementation, {PLDI} 2018, Philadelphia, PA,
               USA, June 18-22, 2018},
  publisher = {{ACM}},
  year      = {2018},
  url       = {https://doi.org/10.1145/3192366},
  doi       = {10.1145/3192366},
  timestamp = {Wed, 21 Nov 2018 12:44:27 +0100},
  biburl    = {https://dblp.org/rec/bib/conf/pldi/2018},
  bibsource = {dblp computer science bibliography, https://dblp.org}
}
