@STRING{jlamp		= {Journal of Logical and Algebraic Methods in Programming}}
@STRING{jlap		= {Journal of Logic and Algebraic Programming}}
@STRING{lncs		= {Lecture Notes in Computer Science}}
@STRING{sv		= {Springer}}
@STRING{uc		= {University of Canterbury}}
@STRING{uu		= {Universit{\"a}t Ulm}}

@InProceedings{BerghammerGuttmann2015b,
	author		= {Berghammer, R. and Guttmann, W.},
	title		= {Closure, Properties and Closure Properties of Multirelations},
	editor		= {Kahl, W. and Winter, M. and Oliveira, J. N.},
	booktitle	= {Relational and Algebraic Methods in Computer Science (RAMiCS 2015)},
	publisher	= sv,
	series		= lncs,
	volume		= 9348,
	pages		= {67--83},
	year		= 2015,
	note		= {}
}

@Article{BerghammerGuttmann2017,
	author		= {Berghammer, R. and Guttmann, W.},
	title		= {An Algebraic Approach to Multirelations and their Properties},
	journal		= jlamp,
	volume		= 88,
	pages		= {45--63},
	year		= 2017,
	note		= {}
}

@InProceedings{Guttmann2009,
	author		= {Guttmann, W.},
	title		= {General Correctness Algebra},
	editor		= {Berghammer, R. and Jaoua, A. M. and M{\"o}ller, B.},
	booktitle	= {Relations and Kleene Algebra in Computer Science (RelMiCS/AKA 2009)},
	publisher	= sv,
	series		= lncs,
	volume		= 5827,
	pages		= {150--165},
	year		= 2009,
	note		= {}
}

@InProceedings{Guttmann2010a,
	author		= {Guttmann, W.},
	title		= {Partial, Total and General Correctness},
	editor		= {Bolduc, C. and Desharnais, J. and Ktari, B.},
	booktitle	= {Mathematics of Program Construction (MPC 2010)},
	publisher	= sv,
	series		= lncs,
	volume		= 6120,
	pages		= {157--177},
	year		= 2010,
	note		= {}
}

@InProceedings{Guttmann2010d,
	author		= {Guttmann, W.},
	title		= {Unifying Recursion in Partial, Total and General Correctness},
	editor		= {Qin, S.},
	booktitle	= {Unifying Theories of Programming, Third International Symposium (UTP 2010)},
	publisher	= sv,
	series		= lncs,
	volume		= 6445,
	pages		= {207--225},
	year		= 2010,
	note		= {}
}

@InProceedings{Guttmann2011a,
	author		= {Guttmann, W.},
	title		= {Towards a Typed Omega Algebra},
	editor		= {de Swart, H.},
	booktitle	= {Relational and Algebraic Methods in Computer Science (RAMiCS 2011)},
	publisher	= sv,
	series		= lncs,
	volume		= 6663,
	pages		= {196--211},
	year		= 2011,
	note		= {}
}

@Article{Guttmann2011b,
	author		= {Guttmann, W.},
	title		= {Fixpoints for General Correctness},
	journal		= jlap,
	volume		= 80,
	number		= 6,
	pages		= {248--265},
	year		= 2011,
	note		= {}
}

@InProceedings{Guttmann2012a,
	author		= {Guttmann, W.},
	title		= {Unifying Correctness Statements},
	editor		= {Gibbons, J. and Nogueira, P.},
	booktitle	= {Mathematics of Program Construction (MPC 2012)},
	publisher	= sv,
	series		= lncs,
	volume		= 7342,
	pages		= {198--219},
	year		= 2012,
	note		= {}
}

@Article{Guttmann2012b,
	author		= {Guttmann, W.},
	title		= {Typing Theorems of Omega Algebra},
	journal		= jlap,
	volume		= 81,
	number		= 6,
	pages		= {643--659},
	year		= 2012,
	note		= {}
}

@Article{Guttmann2012c,
	author		= {Guttmann, W.},
	title		= {Algebras for Iteration and Infinite Computations},
	journal		= acta,
	volume		= 49,
	number		= 5,
	pages		= {343--359},
	year		= 2012,
	note		= {}
}

@InProceedings{Guttmann2012d,
	author		= {Guttmann, W.},
	title		= {Unifying Lazy and Strict Computations},
	editor		= {Kahl, W. and Griffin, T. G.},
	booktitle	= {Relational and Algebraic Methods in Computer Science (RAMiCS 2012)},
	publisher	= sv,
	series		= lncs,
	volume		= 7560,
	pages		= {17--32},
	year		= 2012,
	note		= {}
}

@Article{Guttmann2013,
	author		= {Guttmann, W.},
	title		= {Extended Designs Algebraically},
	journal		= scp,
	volume		= 78,
	number		= 11,
	pages		= {2064--2085},
	year		= 2013,
	note		= {}
}

@Article{Guttmann2014a,
	author		= {Guttmann, W.},
	title		= {Multirelations with infinite computations},
	journal		= jlamp,
	volume		= 83,
	number		= 2,
	pages		= {194--211},
	year		= 2014,
	note		= {}
}

@InProceedings{Guttmann2014b,
	author		= {Guttmann, W.},
	title		= {Extended Conscriptions Algebraically},
	editor		= {H{\"o}fner, P. and Jipsen, P. and Kahl, W. and M{\"u}ller, M. E.},
	booktitle	= {Relational and Algebraic Methods in Computer Science (RAMiCS 2014)},
	publisher	= sv,
	series		= lncs,
	volume		= 8428,
	pages		= {139--156},
	year		= 2014,
	note		= {}
}

@Article{Guttmann2014c,
	author		= {Guttmann, W.},
	title		= {Algebras for Correctness of Sequential Computations},
	journal		= scp,
	volume		= 85,
	number		= {Part B},
	pages		= {224--240},
	year		= 2014,
	note		= {}
}

@TechReport{Guttmann2015a,
	author		= {Guttmann, W.},
	title		= {Isabelle/{HOL} Theories of Algebras for Iteration, Infinite Executions and Correctness of Sequential Computations},
	institution	= uc,
	number		= {{TR-COSC 02/15}},
	year		= 2015,
	note		= {}
}

@PhDThesis{Guttmann2015b,
	author		= {Guttmann, W.},
	title		= {Algebras for Iteration, Infinite Executions and Correctness of Sequential Computations},
	school		= uu,
	type		= {Habilitationsschrift},
	year		= 2015,
	note		= {}
}

@Article{Guttmann2015c,
	author		= {Guttmann, W.},
	title		= {Infinite executions of lazy and strict computations},
	journal		= jlamp,
	volume		= 84,
	number		= 3,
	pages		= {326--340},
	year		= 2015,
	note		= {}
}

@Article{Guttmann2016a,
	author		= {Guttmann, W.},
	title		= {An Algebraic Approach to Computations with Progress},
	journal		= jlamp,
	volume		= 85,
	number		= 4,
	pages		= {520--539},
	year		= 2016,
	note		= {}
}

@InProceedings{GuttmannStruthWeber2011b,
	author		= {Guttmann, W. and Struth, G. and Weber, T.},
	title		= {Automating Algebraic Methods in {Isabelle}},
	editor		= {Qin, S. and Qiu, Z.},
	booktitle	= {Formal Methods and Software Engineering (ICFEM 2011)},
	publisher	= sv,
	series		= lncs,
	volume		= 6991,
	pages		= {617--632},
	year		= 2011,
	note		= {}
}

